

@article{Nogueira:1991ex,
      author         = "Nogueira, Paulo",
      title          = "{Automatic Feynman graph generation}",
      journal        = "J. Comput. Phys.",
      volume         = "105",
      year           = "1993",
      pages          = "279-289",
      doi            = "10.1006/jcph.1993.1074",
      reportNumber   = "IFM-7-91",
      SLACcitation   = "%%CITATION = JCTPA,105,279;%%"
}
